<?xml version="1.0"?>
<marc:collection xmlns:marc="http://www.loc.gov/MARC21/slim" xmlns:xsi="http://www.w3.org/2001/XMLSchema-instance" xsi:schemaLocation="http://www.loc.gov/MARC21/slim http://www.loc.gov/standards/marcxml/schema/MARC21slim.xsd">
   <marc:record type="Bibliographic">
      <marc:leader>01567cam a2200349 a 4500</marc:leader>
      <marc:controlfield tag="001">836443</marc:controlfield>
      <marc:controlfield tag="003">NjP</marc:controlfield>
      <marc:controlfield tag="005">20150109160526.0</marc:controlfield>
      <marc:controlfield tag="008">930922s1923    ua            001 0 ara d</marc:controlfield>
      <marc:datafield tag="024" ind1="7" ind2=" ">
         <marc:subfield code="a">princeton_aco000032</marc:subfield>
         <marc:subfield code="2">local</marc:subfield>
      </marc:datafield>
      <marc:datafield tag="035" ind1=" " ind2=" ">
         <marc:subfield code="a">(OCoLC)ocn176281218</marc:subfield>
      </marc:datafield>
      <marc:datafield tag="035" ind1=" " ind2=" ">
         <marc:subfield code="a">(OCoLC)28930986</marc:subfield>
      </marc:datafield>
      <marc:datafield tag="035" ind1=" " ind2=" ">
         <marc:subfield code="a">(OCoLC)176281218</marc:subfield>
      </marc:datafield>
      <marc:datafield tag="035" ind1=" " ind2=" ">
         <marc:subfield code="a">(CStRLIN)NJPG93-B51442</marc:subfield>
      </marc:datafield>
      <marc:datafield tag="035" ind1=" " ind2=" ">
         <marc:subfield code="9">AEE4379TS</marc:subfield>
      </marc:datafield>
      <marc:datafield tag="035" ind1=" " ind2=" ">
         <marc:subfield code="a">(NjP)836443</marc:subfield>
      </marc:datafield>
      <marc:datafield tag="040" ind1=" " ind2=" ">
         <marc:subfield code="a">NjP</marc:subfield>
         <marc:subfield code="c">PUL</marc:subfield>
         <marc:subfield code="d">PUL</marc:subfield>
      </marc:datafield>
      <marc:datafield tag="049" ind1=" " ind2=" ">
         <marc:subfield code="a">PULL</marc:subfield>
      </marc:datafield>
      <marc:datafield tag="079" ind1=" " ind2=" ">
         <marc:subfield code="a">ocm28930986</marc:subfield>
      </marc:datafield>
      <marc:datafield tag="100" ind1="1" ind2=" ">
         <marc:subfield code="6">880-01</marc:subfield>
         <marc:subfield code="a">Da&#x304;ghir, As&#x2BB;ad Khali&#x304;l.</marc:subfield>
      </marc:datafield>
      <marc:datafield tag="245" ind1="1" ind2="0">
         <marc:subfield code="6">880-02</marc:subfield>
         <marc:subfield code="a">Tadhkirat al-ka&#x304;tib :</marc:subfield>
         <marc:subfield code="b">kita&#x304;b yatad&#x323;ammanu al-tanbi&#x304;h &#x2BB;ala&#x301; ahamm al-ghalat&#x323;a&#x304;t al-lughawi&#x304;yah al-da&#x304;&#x2BC;irah fi&#x304; alsinat al-khut&#x323;aba&#x304;&#x2BC; wa-aqla&#x304;m al-kutta&#x304;b fi&#x304; ha&#x304;dhihi al-ayya&#x304;m /</marc:subfield>
         <marc:subfield code="c">ta&#x2BC;li&#x304;f As&#x2BB;ad Khali&#x304;l Da&#x304;ghir.</marc:subfield>
      </marc:datafield>
      <marc:datafield tag="260" ind1=" " ind2=" ">
         <marc:subfield code="6">880-03</marc:subfield>
         <marc:subfield code="a">Mis&#x323;r :</marc:subfield>
         <marc:subfield code="b">Mat&#x323;ba&#x2BB;at al-Muqtat&#x323;af wa-al-Muqat&#x323;t&#x323;am,</marc:subfield>
         <marc:subfield code="c">1923.</marc:subfield>
      </marc:datafield>
      <marc:datafield tag="300" ind1=" " ind2=" ">
         <marc:subfield code="a">150, 10 p. ;</marc:subfield>
         <marc:subfield code="c">21 cm.</marc:subfield>
      </marc:datafield>
      <marc:datafield tag="500" ind1=" " ind2=" ">
         <marc:subfield code="a">Includes index.</marc:subfield>
      </marc:datafield>
      <marc:datafield tag="650" ind1=" " ind2="0">
         <marc:subfield code="a">Arabic language</marc:subfield>
         <marc:subfield code="x">Errors of usage.</marc:subfield>
      </marc:datafield>
      <marc:datafield tag="880" ind1="1" ind2=" ">
         <marc:subfield code="6">100-01/r</marc:subfield>
         <marc:subfield code="a">&#x62F;&#x627;&#x63A;&#x631;&#x60C; &#x627;&#x633;&#x639;&#x62F; &#x62E;&#x644;&#x64A;&#x644;.</marc:subfield>
      </marc:datafield>
      <marc:datafield tag="880" ind1="1" ind2="0">
         <marc:subfield code="6">245-02/r</marc:subfield>
         <marc:subfield code="a">&#x62A;&#x630;&#x643;&#x631;&#x629; &#x627;&#x644;&#x643;&#x627;&#x62A;&#x628; :</marc:subfield>
         <marc:subfield code="b">&#x643;&#x62A;&#x627;&#x628; &#x64A;&#x62A;&#x636;&#x645;&#x646; &#x627;&#x644;&#x62A;&#x646;&#x628;&#x64A;&#x647; &#x639;&#x644;&#x649; &#x627;&#x647;&#x645; &#x627;&#x644;&#x63A;&#x644;&#x637;&#x627;&#x62A; &#x627;&#x644;&#x644;&#x63A;&#x648;&#x64A;&#x629; &#x627;&#x644;&#x62F;&#x627;&#x626;&#x631;&#x629; &#x641;&#x64A; &#x627;&#x644;&#x633;&#x646;&#x629; &#x627;&#x644;&#x62E;&#x637;&#x628;&#x627;&#x621; &#x648;&#x627;&#x642;&#x644;&#x627;&#x645; &#x627;&#x644;&#x643;&#x62A;&#x627;&#x628; &#x641;&#x64A; &#x647;&#x630;&#x647; &#x627;&#x644;&#x627;&#x64A;&#x627;&#x645; /</marc:subfield>
         <marc:subfield code="c">&#x62A;&#x623;&#x644;&#x64A;&#x641; &#x627;&#x633;&#x639;&#x62F; &#x62E;&#x644;&#x64A;&#x644; &#x62F;&#x627;&#x63A;&#x631;.</marc:subfield>
      </marc:datafield>
      <marc:datafield tag="880" ind1=" " ind2=" ">
         <marc:subfield code="6">260-03/r</marc:subfield>
         <marc:subfield code="a">&#x645;&#x635;&#x631; :</marc:subfield>
         <marc:subfield code="b">&#x645;&#x637;&#x628;&#x639;&#x629; &#x627;&#x644;&#x645;&#x642;&#x62A;&#x637;&#x641; &#x648;&#x627;&#x644;&#x645;&#x642;&#x637;&#x645;&#x60C;</marc:subfield>
         <marc:subfield code="c">1923.</marc:subfield>
      </marc:datafield>
      <marc:datafield tag="856" ind1="4" ind2=" ">
         <marc:subfield code="u">http://hdl.handle.net/2027/njp.32101023096827</marc:subfield>
      </marc:datafield>
      <marc:datafield tag="998" ind1=" " ind2=" ">
         <marc:subfield code="a">09/22/93</marc:subfield>
         <marc:subfield code="s">9114</marc:subfield>
         <marc:subfield code="n">NjP</marc:subfield>
         <marc:subfield code="d">09/22/93</marc:subfield>
         <marc:subfield code="c">JEB</marc:subfield>
         <marc:subfield code="b">JEB</marc:subfield>
         <marc:subfield code="i">930922</marc:subfield>
         <marc:subfield code="l">NJPG</marc:subfield>
      </marc:datafield>
      <marc:datafield tag="911" ind1=" " ind2=" ">
         <marc:subfield code="a">19930930</marc:subfield>
      </marc:datafield>
      <marc:datafield tag="912" ind1=" " ind2=" ">
         <marc:subfield code="a">19930922000000.0</marc:subfield>
      </marc:datafield>
      <marc:datafield tag="994" ind1=" " ind2=" ">
         <marc:subfield code="a">C0</marc:subfield>
         <marc:subfield code="b">PUL</marc:subfield>
      </marc:datafield>
      <marc:datafield tag="999" ind1=" " ind2=" ">
         <marc:subfield code="a">836443</marc:subfield>
      </marc:datafield>
   </marc:record>
</marc:collection>
